<record><leader>00000cas a2200000 a 4500</leader><controlfield tag="001">52770148</controlfield><controlfield tag="008">030801d18871887nyudr ne      0    0eng d</controlfield><datafield ind1=" " ind2=" " tag="010"><subfield code="a">sn2003060397</subfield></datafield><datafield ind1=" " ind2=" " tag="040"><subfield code="a">NYS</subfield><subfield code="c">NYS</subfield><subfield code="d">OCLCQ</subfield></datafield><datafield ind1=" " ind2=" " tag="043"><subfield code="a">n-us-ny</subfield></datafield><datafield ind1="0" ind2=" " tag="130"><subfield code="a">Daily Register (Ossining, N.Y.)</subfield></datafield><datafield ind1="1" ind2="4" tag="245"><subfield code="a">The Daily register.</subfield></datafield><datafield ind1=" " ind2=" " tag="260"><subfield code="a">Sing-Sing, N.Y. :</subfield><subfield code="b">Michael Moran,</subfield><subfield code="c">1887.</subfield></datafield><datafield ind1=" " ind2=" " tag="300"><subfield code="a">1 v. ;</subfield><subfield code="c">58 cm.</subfield></datafield><datafield ind1=" " ind2=" " tag="310"><subfield code="a">Daily</subfield></datafield><datafield ind1="0" ind2=" " tag="362"><subfield code="a">Vol. 1, no. 1 (Jan. 10, 1887)-</subfield></datafield><datafield ind1="1" ind2=" " tag="362"><subfield code="a">Ceased in 1887.</subfield><subfield code="z">Cf. Redway, V.L. Short History and Bibliography of Ossining Newspapers.</subfield></datafield><datafield ind1=" " ind2=" " tag="500"><subfield code="a">"A journal in the interest of the Village of Sing-Sing."</subfield></datafield><datafield ind1=" " ind2=" " tag="500"><subfield code="a">Latest issue consulted: (Apr. 9, 1887).</subfield></datafield><datafield ind1=" " ind2=" " tag="580"><subfield code="a">Weekly ed.: Democratic Register (Ossining, N.Y.), &lt;1868-1931&gt;.</subfield></datafield><datafield ind1=" " ind2="0" tag="651"><subfield code="a">Ossining (N.Y.)</subfield><subfield code="v">Newspapers.</subfield></datafield><datafield ind1=" " ind2="0" tag="651"><subfield code="a">Westchester County (N.Y.)</subfield><subfield code="v">Newspapers.</subfield></datafield><datafield ind1=" " ind2=" " tag="752"><subfield code="a">United States</subfield><subfield code="b">New York</subfield><subfield code="c">Westchester</subfield><subfield code="d">Ossining.</subfield></datafield><datafield ind1="0" ind2=" " tag="775"><subfield code="t">Democratic register</subfield><subfield code="w">(DLC)sn 83031605</subfield><subfield code="w">(OCoLC)9928321</subfield></datafield><datafield ind1=" " ind2=" " tag="994"><subfield code="a">11</subfield><subfield code="b">OCL</subfield><subfield code="i">00550</subfield></datafield></record>